@misc{MySQL,
  title = {MySQL},
  howpublished = {\url{https://www.mysql.com/}},
  year = {2023}
}

@misc{MongoDB,
  title = {MongoDB},
  howpublished = {\url{https://www.mongodb.com/}},
  year = {2023}
}

@misc{YelpDataset,
  author = {{Yelp Inc.}},
  title = {Yelp Dataset},
  howpublished = {\url{https://www.yelp.com/dataset}},
  year = {2021}
}

@misc{WikiListOfPlacesSG,
  author = {{Wikipedia contributors}},
  title = {List of places in Singapore},
  year = {2020},
  howpublished = {\url{https://en.wikipedia.org/wiki/List_of_places_in_Singapore}},
}

 @misc{OpenStreetMap,
   author = {{OpenStreetMap contributors}},
   title = {{Planet dump retrieved from https://planet.osm.org }},
   howpublished = "\url{ https://www.openstreetmap.org }",
   year = {2017},
 }

@book{RichardsonRuby07,
  added-at = {2017-04-30T18:26:41.000+0200},
  author = {Richardson, Leonard and Ruby, Sam},
  biburl = {https://www.bibsonomy.org/bibtex/2a331d881118c83e0a31d45159f5f5850/flint63},
  file = {eBook:2007/RichardsonRuby07.pdf:PDF;O'Reilly Product page:http\://www.oreilly.com/catalog/9780596529260/:URL;Amazon Search inside:http\://www.amazon.de/gp/reader/0596529260/:URL},
  groups = {public},
  interhash = {990343ac0d056dad54cf06e7c6a1d2e1},
  intrahash = {a331d881118c83e0a31d45159f5f5850},
  isbn = {978-0-596-52926-0},
  keywords = {01841 101 book shelf safari web service soap rest java ruby python},
  publisher = {O'Reilly},
  timestamp = {2018-04-16T12:28:11.000+0200},
  title = {RESTful Web Services},
  url = {https://www.safaribooksonline.com/library/view/restful-web-services/9780596529260/},
  username = {flint63},
  year = 2007
}


@book{grinberg2018flask,
  title={Flask web development: developing web applications with python},
  author={Grinberg, Miguel},
  year={2018},
  publisher={" O'Reilly Media, Inc."}
}